<?xml version="1.0" encoding="UTF-8"?><collection xmlns="http://www.loc.gov/MARC21/slim"><record><leader>00538nam--2200193-u-4500</leader><controlfield tag="001">000055410</controlfield><controlfield tag="002">20161230</controlfield><controlfield tag="005">20161230201052</controlfield><controlfield tag="008">130130s1000------------r-----000-0-eng-d</controlfield><datafield ind1=" " ind2=" " tag="040"><subfield code="a">IFIN-HH</subfield></datafield><datafield ind1=" " ind2=" " tag="080"><subfield code="a">801.5:806.4</subfield></datafield><datafield ind1="1" ind2=" " tag="100"><subfield code="a">Gode, Alexander</subfield></datafield><datafield ind1="1" ind2="0" tag="245"><subfield code="a">Interlingua</subfield><subfield code="b">A grmmar of the international language, prepared by</subfield><subfield code="c">Alexander gode, hugh e. blair</subfield></datafield><datafield ind1=" " ind2=" " tag="250"><subfield code="a">Second Edition</subfield></datafield><datafield ind1=" " ind2=" " tag="260"><subfield code="a">New York</subfield><subfield code="b">Storm Publishers</subfield><subfield code="c">1955</subfield></datafield><datafield ind1=" " ind2=" " tag="300"><subfield code="a">118P</subfield></datafield><datafield ind1="1" ind2=" " tag="700"><subfield code="a">Blair, Hugh E</subfield></datafield><datafield ind1=" " ind2=" " tag="852"><subfield code="a">1973</subfield><subfield code="c">4</subfield></datafield><datafield ind1=" " ind2=" " tag="CAT"><subfield code="a">Sys</subfield><subfield code="c">20130130</subfield><subfield code="h">171201</subfield></datafield></record></collection>